@article{imagenet,
Author = {Olga Russakovsky and Jia Deng and Hao Su and Jonathan Krause and Sanjeev Satheesh and Sean Ma and Zhiheng Huang and Andrej Karpathy and Aditya Khosla and Michael Bernstein and Alexander C. Berg and Li Fei-Fei},
Title = {{ImageNet Large Scale Visual Recognition Challenge}},
Year = {2015},
journal   = {International Journal of Computer Vision (IJCV)},
doi = {10.1007/s11263-015-0816-y},
volume={115},
number={3},
pages={211-252}
}


@inproceedings{uda,
author = {Ganin, Yaroslav and Lempitsky, Victor},
title = {Unsupervised Domain Adaptation by Backpropagation},
year = {2015},
publisher = {JMLR.org},
booktitle = {Proceedings of the 32nd International Conference on International Conference on Machine Learning - Volume 37},
pages = {1180–1189},
numpages = {10},
location = {Lille, France},
series = {ICML’15}
}


@article{dann,
author = {Ganin, Yaroslav and Ustinova, Evgeniya and Ajakan, Hana and Germain, Pascal and Larochelle, Hugo and Laviolette, Fran\c{c}ois and Marchand, Mario and Lempitsky, Victor},
title = {Domain-Adversarial Training of Neural Networks},
year = {2016},
issue_date = {January 2016},
publisher = {JMLR.org},
volume = {17},
number = {1},
issn = {1532-4435},
journal = {J. Mach. Learn. Res.},
month = jan,
pages = {2096–2030},
numpages = {35},
keywords = {domain adaptation, sentiment analysis, neural network, representation learning, deep learning, person re-identification, synthetic data, image classification}
}


@inproceedings{ctc,
author = {Gong, Mingming and Zhang, Kun and Liu, Tongliang and Tao, Dacheng and Glymour, Clark and Sch\"{o}lkopf, Bernhard},
title = {Domain Adaptation with Conditional Transferable Components},
year = {2016},
publisher = {JMLR.org},
booktitle = {Proceedings of the 33rd International Conference on International Conference on Machine Learning - Volume 48},
pages = {2839–2848},
numpages = {10},
location = {New York, NY, USA},
series = {ICML’16}
}

@inproceedings{ltdan,
author = {Long, Mingsheng and Cao, Yue and Wang, Jianmin and Jordan, Michael I.},
title = {Learning Transferable Features with Deep Adaptation Networks},
year = {2015},
publisher = {JMLR.org},
booktitle = {Proceedings of the 32nd International Conference on International Conference on Machine Learning - Volume 37},
pages = {97–105},
numpages = {9},
location = {Lille, France},
series = {ICML’15}
}

@inproceedings{atda,
author = {Saito, Kuniaki and Ushiku, Yoshitaka and Harada, Tatsuya},
title = {Asymmetric Tri-Training for Unsupervised Domain Adaptation},
year = {2017},
publisher = {JMLR.org},
booktitle = {Proceedings of the 34th International Conference on Machine Learning - Volume 70},
pages = {2988–2997},
numpages = {10},
location = {Sydney, NSW, Australia},
series = {ICML’17}
}

@article{saito2017maximum,
  title={Maximum Classifier Discrepancy for Unsupervised Domain Adaptation},
  author={Kuniaki Saito and Kohei Watanabe and Yoshitaka Ushiku and Tatsuya Harada},
  journal={2018 IEEE/CVF Conference on Computer Vision and Pattern Recognition},
  year={2017},
  pages={3723-3732}
}


@incollection{coteaching,
title = {Co-teaching: Robust training of deep neural networks with extremely noisy labels},
author = {Han, Bo and Yao, Quanming and Yu, Xingrui and Niu, Gang and Xu, Miao and Hu, Weihua and Tsang, Ivor and Sugiyama, Masashi},
booktitle = {Advances in Neural Information Processing Systems 31},
editor = {S. Bengio and H. Wallach and H. Larochelle and K. Grauman and N. Cesa-Bianchi and R. Garnett},
pages = {8527--8537},
year = {2018},
publisher = {Curran Associates, Inc.},
}

@inproceedings{memorization,
author = {Arpit, Devansh and Jastrzundefinedbski, Stanis\l{}aw and Ballas, Nicolas and Krueger, David and Bengio, Emmanuel and Kanwal, Maxinder S. and Maharaj, Tegan and Fischer, Asja and Courville, Aaron and Bengio, Yoshua and Lacoste-Julien, Simon},
title = {A Closer Look at Memorization in Deep Networks},
year = {2017},
publisher = {JMLR.org},
booktitle = {Proceedings of the 34th International Conference on Machine Learning - Volume 70},
pages = {233–242},
numpages = {10},
location = {Sydney, NSW, Australia},
series = {ICML’17}
}


@inproceedings{deeptransfer,
author = {Tzeng, Eric and Hoffman, Judy and Darrell, Trevor and Saenko, Kate},
title = {Simultaneous Deep Transfer Across Domains and Tasks},
year = {2015},
isbn = {9781467383912},
publisher = {IEEE Computer Society},
address = {USA},
url = {https://doi.org/10.1109/ICCV.2015.463},
doi = {10.1109/ICCV.2015.463},
booktitle = {Proceedings of the 2015 IEEE International Conference on Computer Vision (ICCV)},
pages = {4068–4076},
numpages = {9},
series = {ICCV ’15}
}


@inproceedings{office,
author = {Saenko, Kate and Kulis, Brian and Fritz, Mario and Darrell, Trevor},
title = {Adapting Visual Category Models to New Domains},
year = {2010},
isbn = {364215560X},
publisher = {Springer-Verlag},
address = {Berlin, Heidelberg},
booktitle = {Proceedings of the 11th European Conference on Computer Vision: Part IV},
pages = {213–226},
numpages = {14},
location = {Heraklion, Crete, Greece},
series = {ECCV’10}
}

@inproceedings{10.5555/2969239.2969241,
author = {Rooyen, Brendan van and Menon, Aditya Krishna and Williamson, Robert C.},
title = {Learning with Symmetric Label Noise: The Importance of Being Unhinged},
year = {2015},
publisher = {MIT Press},
address = {Cambridge, MA, USA},
booktitle = {Proceedings of the 28th International Conference on Neural Information Processing Systems - Volume 1},
pages = {10–18},
numpages = {9},
location = {Montreal, Canada},
series = {NIPS’15}
}






@misc{Authors06,
 author = {Authors},
 title = {The frobnicatable foo filter},
 note = {ECCV06 submission ID 324. Supplied as additional material {\tt eccv06.pdf}},
 year = 2006
}

@misc{Authors06b,
 author = {Authors},
 title = {Frobnication tutorial},
 note = {Supplied as additional material {\tt tr.pdf}},
 year = 2006
}

@article{Alpher02,
author = {A. Alpher},
title = {Frobnication},
journal = {Journal of Foo},
volume = 12, 
number = 1, 
pages = {234--778}, 
year = 2002
}

@article{Alpher03,
author = {A. Alpher and J.~P.~N. Fotheringham-Smythe},
title = {Frobnication revisited},
journal = {Journal of Foo},
volume = 13, 
number = 1, 
pages = {234--778}, 
year = 2003
}

@article{Alpher04,
author = {A. Alpher and J.~P.~N. Fotheringham-Smythe and G. Gamow},
title = {Can a machine frobnicate?},
journal = {Journal of Foo},
volume = 14, 
number = 1, 
pages = {234--778}, 
year = 2004
}

@article{Mermin89,
author = {N. David Mermin},
title = {What's wrong with these equations?},
journal = {Physics Today},
year = 1989,
month = oct,
note = {\small\url{http://www.cvpr.org/doc/mermin.pdf}}
}

@Book{Hartley00,
  author       = "Hartley, R.~I. and Zisserman, A.",
  title        = "Multiple View Geometry in Computer Vision",
  year         = "2000",
  publisher    = "Cambridge University Press, ISBN: 0521623049",
}

@InProceedings{Claus05,
  author       = "Claus, D. and Fitzgibbon, A.~W.",
  title        = "A Rational Function Lens Distortion Model for General
                 Cameras",
  booktitle    = "Proc. CVPR",
  year         = "2005",
  pages        = "213--219",
}

@InProceedings{Zhang96,
  author =	 "Z. Zhang",
  title =	 "On the Epipolar Geometry Between Two Images With
                  Lens Distortion",
  booktitle =	 "Proc. ICPR",
  year =	 "1996",
  pages =	 "407--411",
}

@InProceedings{Fitzgibbon01,
  author       = "Fitzgibbon, A.~W.",
  title        = "Simultaneous Linear Estimation of Multiple View
                 Geometry and Lens Distortion",
  booktitle    = "Proc. CVPR",
  year         = "2001"
}

@article{Brown71,
author = {D.~C. Brown},
title = {Close-range camera calibration},
journal = {Photogrammetric Eng.},
volume = 37,
number = 8,
pages = {855--866}, 
year = 1971
}

@article{Devernay01,
author = {F. Devernay and O. Faugeras},
title = {Straight lines have to be straight},
journal = {MVA},
volume = 13,
pages = {14--24}, 
year = 2001
}

@article{Swaminathan00,
author = {R. Swaminathan and S. Nayar},
title = {Nonmetric calibration of wide-angle lenses and polycameras},
journal = {IEEE T-PAMI},
volume = 22,
number = 10,
pages = {1172--1178}, 
year = 2000
}

@InProceedings{Tsai86,
  author =	 "Tsai, Y.~R.",
  title =	 "An Efficient and Accurate Camera Calibration
                  Technique for {3D} Machine Vision",
  booktitle =	 "Proc. CVPR",
  year =	 "1986",
}
